@book{book,
	author    = " Donald E. Knuth and  Donald E. Knuth",
	title     = "TeXbook, The SPI Edition",
	year      = "1984",
	pages		= "496",
	publisher	= "Addison-Wesley Professional"
	
}
@ONLINE{latexformuls,
	title = {Математические формулы в LaTeX — Викиучебник},
	language = {russian},
	hyphenation = {russian},
	url = {https://ru.wikibooks.org/wiki/%D0%9C%D0%B0%D1%82%D0%B5%D0%BC%D0%B0%D1%82%D0%B8%D1%87%D0%B5%D1%81%D0%BA%D0%B8%D0%B5_%D1%84%D0%BE%D1%80%D0%BC%D1%83%D0%BB%D1%8B_%D0%B2_LaTeX},
	urldate = {2025-01-15},
}